<?xml version="1.0" encoding="UTF-8"?><collection xmlns="http://www.loc.gov/MARC21/slim"><record><leader>00365nam--2200133-i-4500</leader><controlfield tag="001">000022744</controlfield><controlfield tag="002">20161230</controlfield><controlfield tag="005">20161230201034</controlfield><controlfield tag="008">060222s1000------------r-----000-0-eng-d</controlfield><datafield ind1=" " ind2=" " tag="080"><subfield code="a">543.42</subfield></datafield><datafield ind1=" " ind2=" " tag="100"><subfield code="a">Hofmann, Dieter</subfield></datafield><datafield ind1=" " ind2=" " tag="245"><subfield code="a">Hafstellenspektroskopie durch fraktioniertes ausheizen der glow-lichtsumme</subfield></datafield><datafield ind1=" " ind2=" " tag="260"><subfield code="a">Berlin, Universitat, 1967, 164p</subfield></datafield><datafield ind1=" " ind2=" " tag="852"><subfield code="a">28402</subfield></datafield></record></collection>